% Encoding: UTF-8

@Article{BAseguradora,
  author   = {{Gobierno de M\'{e}xico}},
  journal  = {Ley de Instituciones de Seguros y Fianzas},
  title    = {{Definici{\'{o}}n de Instituci{\'{o}}n de Seguros}},
  year     = {2013},
  issn     = {1477-9226},
  note     = {Obtenido de https://www.gob.mx/cnsf/documentos/leyes-y-reglamentos-25281?state=draft},
  abstract = {Obtenido de https://www.gob.mx/cms/uploads/attachment/file/341695/Ley_de_Instituciones_de_Seguros_y_de_Fianzas_compilada_hasta_el_22_de_junio_de_2018.pdf},
  comment  = {Artículo 2 Sección XVI},
  doi      = {10.1039/b718322d},
  file     = {:C$\backslash$:/Users/uzmar/AppData/Local/Mendeley Ltd./Mendeley Desktop/Downloaded/Collins - 2003 - The virial theorem in stellar astrophysics.pdf:pdf;:C$\backslash$:/Users/uzmar/AppData/Local/Mendeley Ltd./Mendeley Desktop/Downloaded/Collins - 2003 - The virial theorem in stellar astrophysics(2).pdf:pdf;:C$\backslash$:/Users/uzmar/AppData/Local/Mendeley Ltd./Mendeley Desktop/Downloaded/Collins - 2003 - The virial theorem in stellar astrophysics(3).pdf:pdf;:C$\backslash$:/Users/uzmar/AppData/Local/Mendeley Ltd./Mendeley Desktop/Downloaded/Collins - 2003 - The virial theorem in stellar astrophysics(4).pdf:pdf;:C$\backslash$:/Users/uzmar/AppData/Local/Mendeley Ltd./Mendeley Desktop/Downloaded/Collins - 2003 - The virial theorem in stellar astrophysics(5).pdf:pdf;:C$\backslash$:/Users/uzmar/AppData/Local/Mendeley Ltd./Mendeley Desktop/Downloaded/Collins - 2003 - The virial theorem in stellar astrophysics(6).pdf:pdf},
  isbn     = {0912918136},
  pmid     = {18414758},
  url      = {https://www.gob.mx/cms/uploads/attachment/file/341695/Ley_de_Instituciones_de_Seguros_y_de_Fianzas_compilada_hasta_el_22_de_junio_de_2018.pdf},
}

@Article{DReservasTec,
  author   = {{CNSF}},
  journal  = {Ley de Instituciones de Seguros y de Fianzas},
  title    = {{CAP{\'{I}}TULO TERCERO DE LAS RESERVAS T{\'{E}}CNICAS}},
  year     = {2021},
  issn     = {1477-9226},
  note     = {Obtenido de \url{https://www.cnsf.gob.mx/CUSFELECTRONICA/LISF/LISF\_5\_3\_S1}},
  abstract = {Obtenido de https://www.cnsf.gob.mx/CUSFELECTRONICA/LISF/LISF_5_3_S1},
  comment  = {Artículo 217 y 218},
  doi      = {10.1039/b718322d},
  file     = {:C$\backslash$:/Users/uzmar/AppData/Local/Mendeley Ltd./Mendeley Desktop/Downloaded/Collins - 2003 - The virial theorem in stellar astrophysics.pdf:pdf;:C$\backslash$:/Users/uzmar/AppData/Local/Mendeley Ltd./Mendeley Desktop/Downloaded/Collins - 2003 - The virial theorem in stellar astrophysics(2).pdf:pdf;:C$\backslash$:/Users/uzmar/AppData/Local/Mendeley Ltd./Mendeley Desktop/Downloaded/Collins - 2003 - The virial theorem in stellar astrophysics(3).pdf:pdf;:C$\backslash$:/Users/uzmar/AppData/Local/Mendeley Ltd./Mendeley Desktop/Downloaded/Collins - 2003 - The virial theorem in stellar astrophysics(4).pdf:pdf;:C$\backslash$:/Users/uzmar/AppData/Local/Mendeley Ltd./Mendeley Desktop/Downloaded/Collins - 2003 - The virial theorem in stellar astrophysics(5).pdf:pdf;:C$\backslash$:/Users/uzmar/AppData/Local/Mendeley Ltd./Mendeley Desktop/Downloaded/Collins - 2003 - The virial theorem in stellar astrophysics(6).pdf:pdf},
  isbn     = {0912918136},
  pmid     = {18414758},
  url      = {https://www.cnsf.gob.mx/CUSFELECTRONICA/LISF/LISF_5_3_S1},
}

@Article{EComision,
  author   = {{CNSF}},
  journal  = {¿Qu{\'{e}} hacemos?},
  title    = {{Comisi{\'{o}}n Nacional de Seguros y Fianzas}},
  year     = {2021},
  issn     = {1477-9226},
  note     = {Obtenido de \url{https://www.gob.mx/cnsf/que-hacemos}},
  abstract = {Obtenido de https://www.gob.mx/cnsf/que-hacemos},
  comment  = {Página Oficial del Gobierno},
  doi      = {10.1039/b718322d},
  file     = {:C$\backslash$:/Users/uzmar/AppData/Local/Mendeley Ltd./Mendeley Desktop/Downloaded/Collins - 2003 - The virial theorem in stellar astrophysics.pdf:pdf;:C$\backslash$:/Users/uzmar/AppData/Local/Mendeley Ltd./Mendeley Desktop/Downloaded/Collins - 2003 - The virial theorem in stellar astrophysics(2).pdf:pdf;:C$\backslash$:/Users/uzmar/AppData/Local/Mendeley Ltd./Mendeley Desktop/Downloaded/Collins - 2003 - The virial theorem in stellar astrophysics(3).pdf:pdf;:C$\backslash$:/Users/uzmar/AppData/Local/Mendeley Ltd./Mendeley Desktop/Downloaded/Collins - 2003 - The virial theorem in stellar astrophysics(4).pdf:pdf;:C$\backslash$:/Users/uzmar/AppData/Local/Mendeley Ltd./Mendeley Desktop/Downloaded/Collins - 2003 - The virial theorem in stellar astrophysics(5).pdf:pdf;:C$\backslash$:/Users/uzmar/AppData/Local/Mendeley Ltd./Mendeley Desktop/Downloaded/Collins - 2003 - The virial theorem in stellar astrophysics(6).pdf:pdf},
  isbn     = {0912918136},
  pmid     = {18414758},
  url      = {https://www.gob.mx/cnsf/que-hacemos},
}

@Article{FAmis,
  author  = {{AMIS}},
  journal = {Portal oficial de la AMIS},
  title   = {{Asociaci{\'{o}}n Mexicana de Instituciones de Seguros}},
  year    = {2019},
  issn    = {1477-9226},
  note    = {Obtenido de \url{https://sitio.amis.com.mx/}},
  comment = {Portal Oficial de la AMIS},
  doi     = {10.1039/b718322d},
  file    = {:C$\backslash$:/Users/uzmar/AppData/Local/Mendeley Ltd./Mendeley Desktop/Downloaded/Collins - 2003 - The virial theorem in stellar astrophysics.pdf:pdf;:C$\backslash$:/Users/uzmar/AppData/Local/Mendeley Ltd./Mendeley Desktop/Downloaded/Collins - 2003 - The virial theorem in stellar astrophysics(2).pdf:pdf;:C$\backslash$:/Users/uzmar/AppData/Local/Mendeley Ltd./Mendeley Desktop/Downloaded/Collins - 2003 - The virial theorem in stellar astrophysics(3).pdf:pdf;:C$\backslash$:/Users/uzmar/AppData/Local/Mendeley Ltd./Mendeley Desktop/Downloaded/Collins - 2003 - The virial theorem in stellar astrophysics(4).pdf:pdf;:C$\backslash$:/Users/uzmar/AppData/Local/Mendeley Ltd./Mendeley Desktop/Downloaded/Collins - 2003 - The virial theorem in stellar astrophysics(5).pdf:pdf;:C$\backslash$:/Users/uzmar/AppData/Local/Mendeley Ltd./Mendeley Desktop/Downloaded/Collins - 2003 - The virial theorem in stellar astrophysics(6).pdf:pdf},
  isbn    = {0912918136},
  pmid    = {18414758},
}

@Article{CContrato,
  author   = {{Gobierno de M\'{e}xico}},
  journal  = {Ley Sobre el Contrato del Seguro},
  title    = {{Definici{\'{o}}n de Contrato de Seguro}},
  year     = {1935},
  issn     = {1477-9226},
  note     = {Obtenido de https://www.gob.mx/cms/uploads/attachment/file/70173/Ley\_Sobre\_el\_Contrato\_de\_Seguro.pdf},
  abstract = {Obtenido de https://www.gob.mx/cms/uploads/attachment/file/70173/Ley_Sobre_el_Contrato_de_Seguro.pdf},
  comment  = {Artículo 1},
  doi      = {10.1039/b718322d},
  file     = {:C$\backslash$:/Users/uzmar/AppData/Local/Mendeley Ltd./Mendeley Desktop/Downloaded/Collins - 2003 - The virial theorem in stellar astrophysics.pdf:pdf;:C$\backslash$:/Users/uzmar/AppData/Local/Mendeley Ltd./Mendeley Desktop/Downloaded/Collins - 2003 - The virial theorem in stellar astrophysics(2).pdf:pdf;:C$\backslash$:/Users/uzmar/AppData/Local/Mendeley Ltd./Mendeley Desktop/Downloaded/Collins - 2003 - The virial theorem in stellar astrophysics(3).pdf:pdf;:C$\backslash$:/Users/uzmar/AppData/Local/Mendeley Ltd./Mendeley Desktop/Downloaded/Collins - 2003 - The virial theorem in stellar astrophysics(4).pdf:pdf;:C$\backslash$:/Users/uzmar/AppData/Local/Mendeley Ltd./Mendeley Desktop/Downloaded/Collins - 2003 - The virial theorem in stellar astrophysics(5).pdf:pdf;:C$\backslash$:/Users/uzmar/AppData/Local/Mendeley Ltd./Mendeley Desktop/Downloaded/Collins - 2003 - The virial theorem in stellar astrophysics(6).pdf:pdf},
  isbn     = {0912918136},
  pmid     = {18414758},
}

@Article{KPilaresSolvenciaII,
  author   = {{Jair Salamanca Mar{\'{i}}n}},
  journal  = {Informe de Actividades Profecionales, Jair Salamanca Mar{\'{i}}n},
  title    = {{Circular {\'{U}}nica de Seguros y Fianzas (CUSF)}},
  year     = {2017},
  issn     = {1477-9226},
  note     = {Universidad Nacional Autónoma de México, Facultad de Ingeniería},
  abstract = {Universidad Nacional Autónoma de México, Facultad de Ingeniería},
  comment  = {http://www.ptolomeo.unam.mx:8080/xmlui/bitstream/handle/132.248.52.100/12812/Informe.pdf?sequence=1},
  doi      = {10.1039/b718322d},
  file     = {:C$\backslash$:/Users/uzmar/AppData/Local/Mendeley Ltd./Mendeley Desktop/Downloaded/Collins - 2003 - The virial theorem in stellar astrophysics.pdf:pdf;:C$\backslash$:/Users/uzmar/AppData/Local/Mendeley Ltd./Mendeley Desktop/Downloaded/Collins - 2003 - The virial theorem in stellar astrophysics(2).pdf:pdf;:C$\backslash$:/Users/uzmar/AppData/Local/Mendeley Ltd./Mendeley Desktop/Downloaded/Collins - 2003 - The virial theorem in stellar astrophysics(3).pdf:pdf;:C$\backslash$:/Users/uzmar/AppData/Local/Mendeley Ltd./Mendeley Desktop/Downloaded/Collins - 2003 - The virial theorem in stellar astrophysics(4).pdf:pdf;:C$\backslash$:/Users/uzmar/AppData/Local/Mendeley Ltd./Mendeley Desktop/Downloaded/Collins - 2003 - The virial theorem in stellar astrophysics(5).pdf:pdf;:C$\backslash$:/Users/uzmar/AppData/Local/Mendeley Ltd./Mendeley Desktop/Downloaded/Collins - 2003 - The virial theorem in stellar astrophysics(6).pdf:pdf},
  isbn     = {0912918136},
  pmid     = {18414758},
}

@Article{GLisf,
  author   = {{CNSF}},
  journal  = {Portal oficial del Senado de la Rep{\'{u}}blica},
  title    = {{Ley de Instituciones de Seguros y de Fianzas}},
  year     = {2013},
  issn     = {1477-9226},
  note     = {Obtenido de \url{https://www.senado.gob.mx/comisiones/finanzas\_publicas/docs/LISF.pdf}},
  abstract = {Obtenido de https://www.senado.gob.mx/comisiones/finanzas_publicas/docs/LISF.pdf},
  comment  = {Portal Oficial del Senado de la República},
  doi      = {10.1039/b718322d},
  file     = {:C$\backslash$:/Users/uzmar/AppData/Local/Mendeley Ltd./Mendeley Desktop/Downloaded/Collins - 2003 - The virial theorem in stellar astrophysics.pdf:pdf;:C$\backslash$:/Users/uzmar/AppData/Local/Mendeley Ltd./Mendeley Desktop/Downloaded/Collins - 2003 - The virial theorem in stellar astrophysics(2).pdf:pdf;:C$\backslash$:/Users/uzmar/AppData/Local/Mendeley Ltd./Mendeley Desktop/Downloaded/Collins - 2003 - The virial theorem in stellar astrophysics(3).pdf:pdf;:C$\backslash$:/Users/uzmar/AppData/Local/Mendeley Ltd./Mendeley Desktop/Downloaded/Collins - 2003 - The virial theorem in stellar astrophysics(4).pdf:pdf;:C$\backslash$:/Users/uzmar/AppData/Local/Mendeley Ltd./Mendeley Desktop/Downloaded/Collins - 2003 - The virial theorem in stellar astrophysics(5).pdf:pdf;:C$\backslash$:/Users/uzmar/AppData/Local/Mendeley Ltd./Mendeley Desktop/Downloaded/Collins - 2003 - The virial theorem in stellar astrophysics(6).pdf:pdf},
  isbn     = {0912918136},
  pmid     = {18414758},
}

@Article{HCusf,
  author   = {{CNSF}},
  journal  = {Portal oficial de la CNSF},
  title    = {{Circular {\'{U}}nica de Seguros y de Fianzas}},
  year     = {2020},
  issn     = {1477-9226},
  note     = {Obtenido de \url{https://www.gob.mx/cms/uploads/attachment/file/607869/Circular\_\_nica\_de\_Seguros\_y\_Fianzas\_compulsada\_sin\_Anexos\_\_31-mar-2020\_.pdf}},
  abstract = {Circular Única De Seguros Y Fianzas Compulsada Sin Anexos Actualizada Al 31-Mar-2020, obtenido de https://www.gob.mx/cms/uploads/attachment/file/607869/Circular__nica_de_Seguros_y_Fianzas_compulsada_sin_Anexos__31-mar-2020_.pdf},
  comment  = {Circular Única De Seguros Y Fianzas Compulsada Sin Anexos Actualizada Al 31-Mar-2020, obtenido de https://www.gob.mx/cms/uploads/attachment/file/607869/Circular__nica_de_Seguros_y_Fianzas_compulsada_sin_Anexos__31-mar-2020_.pdf},
  doi      = {10.1039/b718322d},
  file     = {:C$\backslash$:/Users/uzmar/AppData/Local/Mendeley Ltd./Mendeley Desktop/Downloaded/Collins - 2003 - The virial theorem in stellar astrophysics.pdf:pdf;:C$\backslash$:/Users/uzmar/AppData/Local/Mendeley Ltd./Mendeley Desktop/Downloaded/Collins - 2003 - The virial theorem in stellar astrophysics(2).pdf:pdf;:C$\backslash$:/Users/uzmar/AppData/Local/Mendeley Ltd./Mendeley Desktop/Downloaded/Collins - 2003 - The virial theorem in stellar astrophysics(3).pdf:pdf;:C$\backslash$:/Users/uzmar/AppData/Local/Mendeley Ltd./Mendeley Desktop/Downloaded/Collins - 2003 - The virial theorem in stellar astrophysics(4).pdf:pdf;:C$\backslash$:/Users/uzmar/AppData/Local/Mendeley Ltd./Mendeley Desktop/Downloaded/Collins - 2003 - The virial theorem in stellar astrophysics(5).pdf:pdf;:C$\backslash$:/Users/uzmar/AppData/Local/Mendeley Ltd./Mendeley Desktop/Downloaded/Collins - 2003 - The virial theorem in stellar astrophysics(6).pdf:pdf},
  isbn     = {0912918136},
  pmid     = {18414758},
}

@Article{LChainLadder,
  author   = {{Miguel Ju{\'{a}}rez Hermosillo}},
  journal  = {Un Modelo Bayesiano para el C{\'{a}}lculo de Reservas de Siniestros Ocurridos y No Reportados, M{\'{e}}todo Chain Ladder},
  title    = {{Chain-Ladder}},
  year     = {1996},
  issn     = {1477-9226},
  note     = {Obtenido de http://www.cnsf.gob.mx/Eventos/Premios\_2014/1996 3er. lugar.pdf},
  abstract = {Obtenido de http://www.cnsf.gob.mx/Eventos/Premios_2014/1996 3er. lugar.pdf},
  comment  = {Obtenido de http://www.cnsf.gob.mx/Eventos/Premios_2014/1996 3er. lugar.pdf},
  doi      = {10.1039/b718322d},
  file     = {:C$\backslash$:/Users/uzmar/AppData/Local/Mendeley Ltd./Mendeley Desktop/Downloaded/Collins - 2003 - The virial theorem in stellar astrophysics.pdf:pdf;:C$\backslash$:/Users/uzmar/AppData/Local/Mendeley Ltd./Mendeley Desktop/Downloaded/Collins - 2003 - The virial theorem in stellar astrophysics(2).pdf:pdf;:C$\backslash$:/Users/uzmar/AppData/Local/Mendeley Ltd./Mendeley Desktop/Downloaded/Collins - 2003 - The virial theorem in stellar astrophysics(3).pdf:pdf;:C$\backslash$:/Users/uzmar/AppData/Local/Mendeley Ltd./Mendeley Desktop/Downloaded/Collins - 2003 - The virial theorem in stellar astrophysics(4).pdf:pdf;:C$\backslash$:/Users/uzmar/AppData/Local/Mendeley Ltd./Mendeley Desktop/Downloaded/Collins - 2003 - The virial theorem in stellar astrophysics(5).pdf:pdf;:C$\backslash$:/Users/uzmar/AppData/Local/Mendeley Ltd./Mendeley Desktop/Downloaded/Collins - 2003 - The virial theorem in stellar astrophysics(6).pdf:pdf},
  isbn     = {0912918136},
  pmid     = {18414758},
}

@Article{JSolvenciaII,
  author   = {{Elizabeth Albarr\'{a}n}},
  journal  = {El Economista, 31 de marzo de 2015},
  title    = {{Solvencia II}},
  year     = {2015},
  issn     = {1477-9226},
  note     = {Obtenido de https://www.eleconomista.com.mx/sectorfinanciero/En-puerta-nueva-ley-de-seguros-20150331-0075.html},
  abstract = {Obtenido de https://www.eleconomista.com.mx/sectorfinanciero/En-puerta-nueva-ley-de-seguros-20150331-0075.html},
  comment  = {Obtenido de https://www.eleconomista.com.mx/sectorfinanciero/En-puerta-nueva-ley-de-seguros-20150331-0075.html},
  doi      = {10.1039/b718322d},
  file     = {:C$\backslash$:/Users/uzmar/AppData/Local/Mendeley Ltd./Mendeley Desktop/Downloaded/Collins - 2003 - The virial theorem in stellar astrophysics.pdf:pdf;:C$\backslash$:/Users/uzmar/AppData/Local/Mendeley Ltd./Mendeley Desktop/Downloaded/Collins - 2003 - The virial theorem in stellar astrophysics(2).pdf:pdf;:C$\backslash$:/Users/uzmar/AppData/Local/Mendeley Ltd./Mendeley Desktop/Downloaded/Collins - 2003 - The virial theorem in stellar astrophysics(3).pdf:pdf;:C$\backslash$:/Users/uzmar/AppData/Local/Mendeley Ltd./Mendeley Desktop/Downloaded/Collins - 2003 - The virial theorem in stellar astrophysics(4).pdf:pdf;:C$\backslash$:/Users/uzmar/AppData/Local/Mendeley Ltd./Mendeley Desktop/Downloaded/Collins - 2003 - The virial theorem in stellar astrophysics(5).pdf:pdf;:C$\backslash$:/Users/uzmar/AppData/Local/Mendeley Ltd./Mendeley Desktop/Downloaded/Collins - 2003 - The virial theorem in stellar astrophysics(6).pdf:pdf},
  isbn     = {0912918136},
  pmid     = {18414758},
}

@Article{IDefCusf,
  author   = {{CNSF}},
  journal  = {Portal oficial de la CNSF, Documentos},
  title    = {{Circular {\'{U}}nica de Seguros y de Fianzas}},
  year     = {2021},
  issn     = {1477-9226},
  note     = {Obtenido de https://www.gob.mx/cnsf/documentos/circular-unica-de-seguros-y-fianzas?state=draft},
  abstract = {Obtenido de https://www.gob.mx/cnsf/documentos/circular-unica-de-seguros-y-fianzas?state=draft},
  comment  = {Obtenido de https://www.gob.mx/cnsf/documentos/circular-unica-de-seguros-y-fianzas?state=draft},
  doi      = {10.1039/b718322d},
  file     = {:C$\backslash$:/Users/uzmar/AppData/Local/Mendeley Ltd./Mendeley Desktop/Downloaded/Collins - 2003 - The virial theorem in stellar astrophysics.pdf:pdf;:C$\backslash$:/Users/uzmar/AppData/Local/Mendeley Ltd./Mendeley Desktop/Downloaded/Collins - 2003 - The virial theorem in stellar astrophysics(2).pdf:pdf;:C$\backslash$:/Users/uzmar/AppData/Local/Mendeley Ltd./Mendeley Desktop/Downloaded/Collins - 2003 - The virial theorem in stellar astrophysics(3).pdf:pdf;:C$\backslash$:/Users/uzmar/AppData/Local/Mendeley Ltd./Mendeley Desktop/Downloaded/Collins - 2003 - The virial theorem in stellar astrophysics(4).pdf:pdf;:C$\backslash$:/Users/uzmar/AppData/Local/Mendeley Ltd./Mendeley Desktop/Downloaded/Collins - 2003 - The virial theorem in stellar astrophysics(5).pdf:pdf;:C$\backslash$:/Users/uzmar/AppData/Local/Mendeley Ltd./Mendeley Desktop/Downloaded/Collins - 2003 - The virial theorem in stellar astrophysics(6).pdf:pdf},
  isbn     = {0912918136},
  pmid     = {18414758},
}

@Article{KR,
  author   = {{Jos\'{e} Luis \'{A}ngel Rodr\'{i}guez Silva}},
  journal  = {Revista Digital, UNAM, ¿Qu{\'{e}} puede hacer el software R para resolver tus problemas?},
  title    = {{R}},
  year     = {2019},
  issn     = {1477-9226},
  note     = {Obtenido de https://www.revista.unam.mx/2019v20n3/que-puede-hacer-el-software-r-para-resolver-tus-problemas/},
  abstract = {Obtenido de https://www.revista.unam.mx/2019v20n3/que-puede-hacer-el-software-r-para-resolver-tus-problemas/},
  comment  = {Obtenido de https://www.revista.unam.mx/2019v20n3/que-puede-hacer-el-software-r-para-resolver-tus-problemas/},
  doi      = {10.1039/b718322d},
  file     = {:C$\backslash$:/Users/uzmar/AppData/Local/Mendeley Ltd./Mendeley Desktop/Downloaded/Collins - 2003 - The virial theorem in stellar astrophysics.pdf:pdf;:C$\backslash$:/Users/uzmar/AppData/Local/Mendeley Ltd./Mendeley Desktop/Downloaded/Collins - 2003 - The virial theorem in stellar astrophysics(2).pdf:pdf;:C$\backslash$:/Users/uzmar/AppData/Local/Mendeley Ltd./Mendeley Desktop/Downloaded/Collins - 2003 - The virial theorem in stellar astrophysics(3).pdf:pdf;:C$\backslash$:/Users/uzmar/AppData/Local/Mendeley Ltd./Mendeley Desktop/Downloaded/Collins - 2003 - The virial theorem in stellar astrophysics(4).pdf:pdf;:C$\backslash$:/Users/uzmar/AppData/Local/Mendeley Ltd./Mendeley Desktop/Downloaded/Collins - 2003 - The virial theorem in stellar astrophysics(5).pdf:pdf;:C$\backslash$:/Users/uzmar/AppData/Local/Mendeley Ltd./Mendeley Desktop/Downloaded/Collins - 2003 - The virial theorem in stellar astrophysics(6).pdf:pdf},
  isbn     = {0912918136},
  pmid     = {18414758},
}

@Article{NSHCP,
  author   = {{Gobierno de M\'{e}xico}},
  journal  = {Instituciones},
  title    = {{SHCP}},
  year     = {2020},
  issn     = {1477-9226},
  note     = {Obtenido de https://www.datos.gob.mx/busca/organization/about/shcp},
  abstract = {Obtenido de https://www.datos.gob.mx/busca/organization/about/shcp},
  comment  = {Obtenido de https://www.datos.gob.mx/busca/organization/about/shcp},
  doi      = {10.1039/b718322d},
  file     = {:C$\backslash$:/Users/uzmar/AppData/Local/Mendeley Ltd./Mendeley Desktop/Downloaded/Collins - 2003 - The virial theorem in stellar astrophysics.pdf:pdf;:C$\backslash$:/Users/uzmar/AppData/Local/Mendeley Ltd./Mendeley Desktop/Downloaded/Collins - 2003 - The virial theorem in stellar astrophysics(2).pdf:pdf;:C$\backslash$:/Users/uzmar/AppData/Local/Mendeley Ltd./Mendeley Desktop/Downloaded/Collins - 2003 - The virial theorem in stellar astrophysics(3).pdf:pdf;:C$\backslash$:/Users/uzmar/AppData/Local/Mendeley Ltd./Mendeley Desktop/Downloaded/Collins - 2003 - The virial theorem in stellar astrophysics(4).pdf:pdf;:C$\backslash$:/Users/uzmar/AppData/Local/Mendeley Ltd./Mendeley Desktop/Downloaded/Collins - 2003 - The virial theorem in stellar astrophysics(5).pdf:pdf;:C$\backslash$:/Users/uzmar/AppData/Local/Mendeley Ltd./Mendeley Desktop/Downloaded/Collins - 2003 - The virial theorem in stellar astrophysics(6).pdf:pdf},
  isbn     = {0912918136},
  pmid     = {18414758},
  printed  = {printed},
}

@Article{ASeguro,
  author   = {{Gobierno de M\'{e}xico}},
  journal  = {¿Qu{\'{e}} es el Seguro?},
  title    = {{El Seguro}},
  year     = {2020},
  issn     = {1477-9226},
  note     = {Obtenido de https://www.datos.gob.mx/busca/organization/about/shcp},
  abstract = {Obtenido de https://www.datos.gob.mx/busca/organization/about/shcp},
  comment  = {Obtenido de https://www.datos.gob.mx/busca/organization/about/shcp},
  doi      = {10.1039/b718322d},
  file     = {:C$\backslash$:/Users/uzmar/AppData/Local/Mendeley Ltd./Mendeley Desktop/Downloaded/Collins - 2003 - The virial theorem in stellar astrophysics.pdf:pdf;:C$\backslash$:/Users/uzmar/AppData/Local/Mendeley Ltd./Mendeley Desktop/Downloaded/Collins - 2003 - The virial theorem in stellar astrophysics(2).pdf:pdf;:C$\backslash$:/Users/uzmar/AppData/Local/Mendeley Ltd./Mendeley Desktop/Downloaded/Collins - 2003 - The virial theorem in stellar astrophysics(3).pdf:pdf;:C$\backslash$:/Users/uzmar/AppData/Local/Mendeley Ltd./Mendeley Desktop/Downloaded/Collins - 2003 - The virial theorem in stellar astrophysics(4).pdf:pdf;:C$\backslash$:/Users/uzmar/AppData/Local/Mendeley Ltd./Mendeley Desktop/Downloaded/Collins - 2003 - The virial theorem in stellar astrophysics(5).pdf:pdf;:C$\backslash$:/Users/uzmar/AppData/Local/Mendeley Ltd./Mendeley Desktop/Downloaded/Collins - 2003 - The virial theorem in stellar astrophysics(6).pdf:pdf},
  isbn     = {0912918136},
  pmid     = {18414758},
  url      = {https://www.datos.gob.mx/busca/organization/about/shcp},
}

@Article{MBootstrap,
  author  = {{Dr. Gabriel N{\'{u}}{\~{n}}ez Antonio }},
  journal = {ACTUARIOS TRABAJANDO: Revista Mexicana de Investigaci{\'{o}}rn Actuarial Aplicada},
  title   = {{Metodo Bootstrap}},
  year    = {2010},
  issn    = {1477-9226},
  note    = {Obtenido de \url{https://www.conacmexico.org.mx/images/upload/2016/03/ActuariosTrabajando\_2010Num5.pdf}},
  doi     = {10.1039/b718322d},
  file    = {:C$\backslash$:/Users/uzmar/AppData/Local/Mendeley Ltd./Mendeley Desktop/Downloaded/Collins - 2003 - The virial theorem in stellar astrophysics.pdf:pdf;:C$\backslash$:/Users/uzmar/AppData/Local/Mendeley Ltd./Mendeley Desktop/Downloaded/Collins - 2003 - The virial theorem in stellar astrophysics(2).pdf:pdf;:C$\backslash$:/Users/uzmar/AppData/Local/Mendeley Ltd./Mendeley Desktop/Downloaded/Collins - 2003 - The virial theorem in stellar astrophysics(3).pdf:pdf;:C$\backslash$:/Users/uzmar/AppData/Local/Mendeley Ltd./Mendeley Desktop/Downloaded/Collins - 2003 - The virial theorem in stellar astrophysics(4).pdf:pdf;:C$\backslash$:/Users/uzmar/AppData/Local/Mendeley Ltd./Mendeley Desktop/Downloaded/Collins - 2003 - The virial theorem in stellar astrophysics(5).pdf:pdf;:C$\backslash$:/Users/uzmar/AppData/Local/Mendeley Ltd./Mendeley Desktop/Downloaded/Collins - 2003 - The virial theorem in stellar astrophysics(6).pdf:pdf},
  isbn    = {0912918136},
  pmid    = {18414758},
  url     = {https://www.conacmexico.org.mx/images/upload/2016/03/ActuariosTrabajando\_2010Num5.pdf},
}

@Article{NRCS,
  author   = {{CNSF}},
  journal  = {\'{I}NDICE DE COBERTURA DEL REQUERIMIENTO DE CAPITAL DE SOLVENCIA},
  title    = {{Definici\'{o}n de Requerimiento de Capital de Solvencia}},
  year     = {2020},
  issn     = {1477-9226},
  note     = {Obtenido de http://www.cnsf.gob.mx:80/EntidadesSupervisadas/InstitucionesSociedadesMutualistas/Indicadores/Paginas/IndiceCoberturaRequerimientoCapitalSolvencia.aspx},
  abstract = {Obtenido de http://www.cnsf.gob.mx:80/EntidadesSupervisadas/InstitucionesSociedadesMutualistas/Indicadores/Paginas/IndiceCoberturaRequerimientoCapitalSolvencia.aspx},
  comment  = {Obtenido de http://www.cnsf.gob.mx:80/EntidadesSupervisadas/InstitucionesSociedadesMutualistas/Indicadores/Paginas/IndiceCoberturaRequerimientoCapitalSolvencia.aspx},
  doi      = {10.1039/b718322d},
  file     = {:C$\backslash$:/Users/uzmar/AppData/Local/Mendeley Ltd./Mendeley Desktop/Downloaded/Collins - 2003 - The virial theorem in stellar astrophysics.pdf:pdf;:C$\backslash$:/Users/uzmar/AppData/Local/Mendeley Ltd./Mendeley Desktop/Downloaded/Collins - 2003 - The virial theorem in stellar astrophysics(2).pdf:pdf;:C$\backslash$:/Users/uzmar/AppData/Local/Mendeley Ltd./Mendeley Desktop/Downloaded/Collins - 2003 - The virial theorem in stellar astrophysics(3).pdf:pdf;:C$\backslash$:/Users/uzmar/AppData/Local/Mendeley Ltd./Mendeley Desktop/Downloaded/Collins - 2003 - The virial theorem in stellar astrophysics(4).pdf:pdf;:C$\backslash$:/Users/uzmar/AppData/Local/Mendeley Ltd./Mendeley Desktop/Downloaded/Collins - 2003 - The virial theorem in stellar astrophysics(5).pdf:pdf;:C$\backslash$:/Users/uzmar/AppData/Local/Mendeley Ltd./Mendeley Desktop/Downloaded/Collins - 2003 - The virial theorem in stellar astrophysics(6).pdf:pdf},
  isbn     = {0912918136},
  pmid     = {18414758},
  printed  = {printed},
}

@Article{OEfron,
  author  = {{Bradley Efron}},
  journal = {The Annals of Statistics},
  title   = {{Bootstrap Methods: Another look at the Jackknife}},
  year    = {1979},
  issn    = {1477-9226},
  doi     = {10.1039/b718322d},
  file    = {:C$\backslash$:/Users/uzmar/AppData/Local/Mendeley Ltd./Mendeley Desktop/Downloaded/Collins - 2003 - The virial theorem in stellar astrophysics.pdf:pdf;:C$\backslash$:/Users/uzmar/AppData/Local/Mendeley Ltd./Mendeley Desktop/Downloaded/Collins - 2003 - The virial theorem in stellar astrophysics(2).pdf:pdf;:C$\backslash$:/Users/uzmar/AppData/Local/Mendeley Ltd./Mendeley Desktop/Downloaded/Collins - 2003 - The virial theorem in stellar astrophysics(3).pdf:pdf;:C$\backslash$:/Users/uzmar/AppData/Local/Mendeley Ltd./Mendeley Desktop/Downloaded/Collins - 2003 - The virial theorem in stellar astrophysics(4).pdf:pdf;:C$\backslash$:/Users/uzmar/AppData/Local/Mendeley Ltd./Mendeley Desktop/Downloaded/Collins - 2003 - The virial theorem in stellar astrophysics(5).pdf:pdf;:C$\backslash$:/Users/uzmar/AppData/Local/Mendeley Ltd./Mendeley Desktop/Downloaded/Collins - 2003 - The virial theorem in stellar astrophysics(6).pdf:pdf},
  isbn    = {0912918136},
  pmid    = {18414758},
  printed = {printed},
}

@Article{PAlvColl,
  author  = {{Jos\'{e} Antonio \'{A}lvarez Jare\~{n}o, Vicente Coll Serrano}},
  journal = {REVISTA DE M\'{E}TODOS CUANTITATIVOS PARA LA ECONOM\'{I}A Y LA EMPRESA. Páginas 124-136},
  title   = {{Estimaci\'{o}n de Reservas en una Compa\~{n}\'{i}a Aseguradora. Una aplicaci\'{o}n en Excel del m\'{e}todo Chain-Ladder y Bootstrap}},
  year    = {2012},
  issn    = {1477-9226},
  doi     = {10.1039/b718322d},
  file    = {:C$\backslash$:/Users/uzmar/AppData/Local/Mendeley Ltd./Mendeley Desktop/Downloaded/Collins - 2003 - The virial theorem in stellar astrophysics.pdf:pdf;:C$\backslash$:/Users/uzmar/AppData/Local/Mendeley Ltd./Mendeley Desktop/Downloaded/Collins - 2003 - The virial theorem in stellar astrophysics(2).pdf:pdf;:C$\backslash$:/Users/uzmar/AppData/Local/Mendeley Ltd./Mendeley Desktop/Downloaded/Collins - 2003 - The virial theorem in stellar astrophysics(3).pdf:pdf;:C$\backslash$:/Users/uzmar/AppData/Local/Mendeley Ltd./Mendeley Desktop/Downloaded/Collins - 2003 - The virial theorem in stellar astrophysics(4).pdf:pdf;:C$\backslash$:/Users/uzmar/AppData/Local/Mendeley Ltd./Mendeley Desktop/Downloaded/Collins - 2003 - The virial theorem in stellar astrophysics(5).pdf:pdf;:C$\backslash$:/Users/uzmar/AppData/Local/Mendeley Ltd./Mendeley Desktop/Downloaded/Collins - 2003 - The virial theorem in stellar astrophysics(6).pdf:pdf},
  isbn    = {0912918136},
  pmid    = {18414758},
  printed = {printed},
}

@Article{QLowe,
  author  = {{Julian Lowe}},
  journal = {General Insurance Convention},
  title   = {{A Practical Guide To Measuring Reserve Variability Using: Bootstrapping, Operational Time And A Distribution-Free Approach}},
  year    = {1994},
  issn    = {1477-9226},
  doi     = {10.1039/b718322d},
  file    = {:C$\backslash$:/Users/uzmar/AppData/Local/Mendeley Ltd./Mendeley Desktop/Downloaded/Collins - 2003 - The virial theorem in stellar astrophysics.pdf:pdf;:C$\backslash$:/Users/uzmar/AppData/Local/Mendeley Ltd./Mendeley Desktop/Downloaded/Collins - 2003 - The virial theorem in stellar astrophysics(2).pdf:pdf;:C$\backslash$:/Users/uzmar/AppData/Local/Mendeley Ltd./Mendeley Desktop/Downloaded/Collins - 2003 - The virial theorem in stellar astrophysics(3).pdf:pdf;:C$\backslash$:/Users/uzmar/AppData/Local/Mendeley Ltd./Mendeley Desktop/Downloaded/Collins - 2003 - The virial theorem in stellar astrophysics(4).pdf:pdf;:C$\backslash$:/Users/uzmar/AppData/Local/Mendeley Ltd./Mendeley Desktop/Downloaded/Collins - 2003 - The virial theorem in stellar astrophysics(5).pdf:pdf;:C$\backslash$:/Users/uzmar/AppData/Local/Mendeley Ltd./Mendeley Desktop/Downloaded/Collins - 2003 - The virial theorem in stellar astrophysics(6).pdf:pdf},
  isbn    = {0912918136},
  pmid    = {18414758},
  printed = {printed},
}

@Article{USolvii,
  author   = {{Fernando Herrera Contreras, Fernando Pérez Márquez}},
  journal  = {Modelo Mexicano de Supervisi\'{o}n Basado en Riesgos tipo Solvencia II},
  title    = {{Reservas T\'{e}cnicas}},
  year     = {2018},
  issn     = {1477-9226},
  abstract = {Obtenido de https://www.gob.mx/cms/uploads/attachment/file/351012/171._Modelo_Mexicano_de_Supervisi_n_Basado_en_Riesgos_tipo_Solvencia_II_2018.pdf},
  comment  = {Obtenido de https://www.gob.mx/cms/uploads/attachment/file/351012/171._Modelo_Mexicano_de_Supervisi_n_Basado_en_Riesgos_tipo_Solvencia_II_2018.pdf},
  doi      = {10.1039/b718322d},
  file     = {:C$\backslash$:/Users/uzmar/AppData/Local/Mendeley Ltd./Mendeley Desktop/Downloaded/Collins - 2003 - The virial theorem in stellar astrophysics.pdf:pdf;:C$\backslash$:/Users/uzmar/AppData/Local/Mendeley Ltd./Mendeley Desktop/Downloaded/Collins - 2003 - The virial theorem in stellar astrophysics(2).pdf:pdf;:C$\backslash$:/Users/uzmar/AppData/Local/Mendeley Ltd./Mendeley Desktop/Downloaded/Collins - 2003 - The virial theorem in stellar astrophysics(3).pdf:pdf;:C$\backslash$:/Users/uzmar/AppData/Local/Mendeley Ltd./Mendeley Desktop/Downloaded/Collins - 2003 - The virial theorem in stellar astrophysics(4).pdf:pdf;:C$\backslash$:/Users/uzmar/AppData/Local/Mendeley Ltd./Mendeley Desktop/Downloaded/Collins - 2003 - The virial theorem in stellar astrophysics(5).pdf:pdf;:C$\backslash$:/Users/uzmar/AppData/Local/Mendeley Ltd./Mendeley Desktop/Downloaded/Collins - 2003 - The virial theorem in stellar astrophysics(6).pdf:pdf},
  isbn     = {0912918136},
  pmid     = {18414758},
  printed  = {printed},
}

@Article{RResAssal,
  author   = {{Asociaci\'{o}n de Supervisores de Seguros de Am\'{e}rica Latina }},
  journal  = {Criterios Generales de Solvencia},
  title    = {{Constitución de Reservas T\'{e}cnicas}},
  year     = {2000},
  issn     = {1477-9226},
  note     = {Obtenido de \url{https://www.gob.mx/cms/uploads/attachment/file/64047/GES-04\_CONSTITUCION\_DE\_RESERVAS.pdf}},
  abstract = {Obtenido de https://www.gob.mx/cms/uploads/attachment/file/64047/GES-04_CONSTITUCION_DE_RESERVAS.pdf},
  comment  = {Obtenido de https://www.gob.mx/cms/uploads/attachment/file/64047/GES-04_CONSTITUCION_DE_RESERVAS.pdf},
  doi      = {10.1039/b718322d},
  file     = {:C$\backslash$:/Users/uzmar/AppData/Local/Mendeley Ltd./Mendeley Desktop/Downloaded/Collins - 2003 - The virial theorem in stellar astrophysics.pdf:pdf;:C$\backslash$:/Users/uzmar/AppData/Local/Mendeley Ltd./Mendeley Desktop/Downloaded/Collins - 2003 - The virial theorem in stellar astrophysics(2).pdf:pdf;:C$\backslash$:/Users/uzmar/AppData/Local/Mendeley Ltd./Mendeley Desktop/Downloaded/Collins - 2003 - The virial theorem in stellar astrophysics(3).pdf:pdf;:C$\backslash$:/Users/uzmar/AppData/Local/Mendeley Ltd./Mendeley Desktop/Downloaded/Collins - 2003 - The virial theorem in stellar astrophysics(4).pdf:pdf;:C$\backslash$:/Users/uzmar/AppData/Local/Mendeley Ltd./Mendeley Desktop/Downloaded/Collins - 2003 - The virial theorem in stellar astrophysics(5).pdf:pdf;:C$\backslash$:/Users/uzmar/AppData/Local/Mendeley Ltd./Mendeley Desktop/Downloaded/Collins - 2003 - The virial theorem in stellar astrophysics(6).pdf:pdf},
  isbn     = {0912918136},
  pmid     = {18414758},
  printed  = {printed},
}

@Article{SAnexoCUSF,
  author  = {{CNSF }},
  journal = {Circular \'{U}nica de Seguros y Fianzas},
  title   = {{Anexo Transitorio 2}},
  year    = {2015},
  issn    = {1477-9226},
  doi     = {10.1039/b718322d},
  file    = {:C$\backslash$:/Users/uzmar/AppData/Local/Mendeley Ltd./Mendeley Desktop/Downloaded/Collins - 2003 - The virial theorem in stellar astrophysics.pdf:pdf;:C$\backslash$:/Users/uzmar/AppData/Local/Mendeley Ltd./Mendeley Desktop/Downloaded/Collins - 2003 - The virial theorem in stellar astrophysics(2).pdf:pdf;:C$\backslash$:/Users/uzmar/AppData/Local/Mendeley Ltd./Mendeley Desktop/Downloaded/Collins - 2003 - The virial theorem in stellar astrophysics(3).pdf:pdf;:C$\backslash$:/Users/uzmar/AppData/Local/Mendeley Ltd./Mendeley Desktop/Downloaded/Collins - 2003 - The virial theorem in stellar astrophysics(4).pdf:pdf;:C$\backslash$:/Users/uzmar/AppData/Local/Mendeley Ltd./Mendeley Desktop/Downloaded/Collins - 2003 - The virial theorem in stellar astrophysics(5).pdf:pdf;:C$\backslash$:/Users/uzmar/AppData/Local/Mendeley Ltd./Mendeley Desktop/Downloaded/Collins - 2003 - The virial theorem in stellar astrophysics(6).pdf:pdf},
  isbn    = {0912918136},
  pmid    = {18414758},
  printed = {printed},
}

@Article{TZurich,
  author   = {{Zurich}},
  journal  = {Condiciones Generales Seguro de Vida Grupo Experiencia Global},
  title    = {{Definiciones}},
  year     = {2010},
  issn     = {1477-9226},
  note     = {Obtenido de https://www.zurich.com.mx/-/media/project/zwp/mexico/docs/nuevos/cnsf-s0082-0113-2010-03-06-2010.pdf},
  abstract = {Obtenido de https://www.zurich.com.mx/-/media/project/zwp/mexico/docs/nuevos/cnsf-s0082-0113-2010-03-06-2010.pdf},
  comment  = {Obtenido de https://www.zurich.com.mx/-/media/project/zwp/mexico/docs/nuevos/cnsf-s0082-0113-2010-03-06-2010.pdf},
  doi      = {10.1039/b718322d},
  file     = {:C$\backslash$:/Users/uzmar/AppData/Local/Mendeley Ltd./Mendeley Desktop/Downloaded/Collins - 2003 - The virial theorem in stellar astrophysics.pdf:pdf;:C$\backslash$:/Users/uzmar/AppData/Local/Mendeley Ltd./Mendeley Desktop/Downloaded/Collins - 2003 - The virial theorem in stellar astrophysics(2).pdf:pdf;:C$\backslash$:/Users/uzmar/AppData/Local/Mendeley Ltd./Mendeley Desktop/Downloaded/Collins - 2003 - The virial theorem in stellar astrophysics(3).pdf:pdf;:C$\backslash$:/Users/uzmar/AppData/Local/Mendeley Ltd./Mendeley Desktop/Downloaded/Collins - 2003 - The virial theorem in stellar astrophysics(4).pdf:pdf;:C$\backslash$:/Users/uzmar/AppData/Local/Mendeley Ltd./Mendeley Desktop/Downloaded/Collins - 2003 - The virial theorem in stellar astrophysics(5).pdf:pdf;:C$\backslash$:/Users/uzmar/AppData/Local/Mendeley Ltd./Mendeley Desktop/Downloaded/Collins - 2003 - The virial theorem in stellar astrophysics(6).pdf:pdf},
  isbn     = {0912918136},
  pmid     = {18414758},
  printed  = {printed},
}

@Comment{jabref-meta: databaseType:bibtex;}
